Untuk setiap referensi, baris pertama (Newton1687) merupakan label dan baris-baris berikutnya
merupakan atribut dari referensi yang akan digunakan. Umumnya, format referensi berikut sudah
disediakan oleh penyedia sumber referensi secara online dan bisa langsung digunakan di sini.

Lihat https://www.bibtex.com/g/bibtex-format/ untuk informasi lebih lanjut mengenai format
BibTex yang digunakan pada file ini.

@misc{SpaceXBlueprint,
  title   = {Sistem Rekomendasi Mata Kuliah Pilihan Menggunakan Metode User Based Collaborative Filtering Berbasis Algoritma Adjusted Cosine Similarity},
  year    = 2019,
  url     = {http://publication.petra.ac.id/index.php/teknik-informatika/article/view/8042},
  urldate = {2022-10-02}
}
